
@book{andelfinger2014internet,
  title={Internet der Dinge: Technik, Trends und Gesch{\"a}ftsmodelle},
  author={Andelfinger, Volker P. and H{\"a}nisch, Till},
  year={2014},
  publisher={Springer-Verlag}
}

@book{andelfinger2017industrie,
  title={Industrie 4.0: Wie cyber-physische Systeme die Arbeitswelt ver{\"a}ndern},
  author={Andelfinger, Volker P. and H{\"a}nisch, Till},
  year={2017},
  publisher={Springer-Verlag}
}

@article{ashton2011internet,
  title={That ‘internet of things’ thing},
  author={Ashton, Kevin},
  journal={RFiD Journal},
  volume={22},
  number={7},
  year={2011}
}

@book{batallabeyond,
  title={Beyond the Internet of Things},
  author={Batalla, Jordi Mongay and Mastorakis, George and Mavromoustakis, Constandinos X and Pallis, Evangelos},
  year={2017},
  publisher={Springer-Verlag}
}

@book{bonazzi2014geschichte,
  title={Geschichte des organisatorischen Denkens: Herausgegeben von Veronika Tacke},
  author={Bonazzi, Giuseppe},
  year={2014},
  publisher={Springer-Verlag}
}

@article{dis20099241,
  title={9241-210: 2010. Ergonomics of human system interaction-Part 210: Human-centred design for interactive systems},
  author={DIS, ISO},
  journal={International Standardization Organization (ISO). Switzerland},
  year={2009}
}

@online{FrauenhoferI40,
	title={Begriffsdefinitionen rund um Industrie 4.0},
	year={2017},
	url={http://www.iosb.frauenhofer.de/?BegriffeI04},
    urldate={2017-10-05}   
}

@book{gilchrist2016industry,
  title={Industry 4.0: The Industrial Internet of Things},
  author={Gilchrist, Alasdair},
  year={2016},
  publisher={Apress}
}

@book{hartson2012ux,
  title={The UX Book: Process and guidelines for ensuring a quality user experience},
  author={Hartson, Rex and Pyla, Pardha S.},
  year={2012},
  publisher={Elsevier}
}

@book{hocker2015,
  title={Industrie 4.0 Aachener Perspektiven auf die Produktion von morgen und Herausforderungen für das Informationsmanagement},
  author={Hocker, Christian},
  year={2015},
  publisher={liNear Partnership Conference}
}

@article{jansen2011sp,
  title={Sp 800-144. guidelines on security and privacy in public cloud computing},
  author={Jansen, Wayne and Grance, Timothy},
  year={2011},
  publisher={National Institute of Standards \& Technology}
}

@incollection{jeschke2017industrial,
  title={Industrial Internet of Things and Cyber Manufacturing Systems},
  author={Jeschke, Sabina and Brecher, Christian and Meisen, Tobias and {\"O}zdemir, Denis and Eschert, Tim},
  booktitle={Industrial Internet of Things},
  pages={3--19},
  year={2017},
  publisher={Springer}
}

@online{SteamEngin1822,
	author={Robinson, John},
	title={ Steam engine - Mr. Watt's double steam engine from his specification of 1782},
	year={1822},
	url={http://www.loc.gov/pictures/item/2006691752/},
    urldate={2017-11-13}
}

@book{reinhart2017handbuch,
  title={Handbuch Industrie 4.0: Gesch{\"a}ftsmodelle, Prozesse, Technik},
  author={Reinhart, Gunther},
  year={2017},
  publisher={Carl Hanser Verlag GmbH Co KG}
}

@online{Siemens,
	author={Siemens AG},
	title={ Siemens Future Forum Industrie 4.0 Automotive Showcase - Graphscape},
	year={2015},
	url={http://www.graphscape.de/blog/siemens-future-forum-automotive-showcase/siemens_automotive_1/},
    urldate={2017-11-13}
}
@article{SiemensMSMCSecurity,
  title={MindSphere and MindConnect Elements, Security Whitepaper},
  author={Siemens AG},
  year={2016}
}

@article{SiemensMSIntroduction,
  title={MindSphere - the cloud-based, open IoT operating system. Your way to digital services},
  author={Siemens AG, Digital Factory},
  year={2017}
}

@article{SiemensMSTraining,
  title={MindSphere - Introduction Training},
  author={Siemens AG, Digital Factory},
  year={2017}
}

@online{SiemensWhitepaper,
	author={Siemens AG, Digital Factory},
	title={ Siemens MindSphere Whitepaper},
	year={2017},
	url={https://www.plm.automation.siemens.com/global/en/topic/mindsphere-whitepaper/8683},
    urldate={2017-11-13}   
}

@online{SiemensMindAccessDeveloper,
	author={Siemens AG},
	title={ What is the MindAccess Developer},
	year={2017},
	url={https://community.plm.automation.siemens.com/t5/MindSphere-FAQs/What-is-the-MindAccess-Developer/ta-p/430449},
    urldate={2017-11-15}   
}

@online{SiemensVision2020,
	author={Siemens AG},
	title={Vision 2020; Wir verwirklichen, worauf es ankommt. Strategie im Überblick},
	year={2014},
	url={https://www.siemens.com/about/de/strategischer-ueberblick.htm},
    urldate={2017-09-14}   
}


@online{Spiegel,
	author={Spiegel online},
	title={ Industrielle Revolutionen: Von der Dampfmaschine zum intelligenten Roboter},
	year={2015},
	url={http://www.spiegel.de/fotostrecke/von-der-industrie-1-0-bis-4-0-fotostrecke-125537-3.html},
    urldate={2017-11-13}   
}

@book{stackowiak2015big,
  title={Big Data and the Internet of Things: Enterprise Information Architecture for a New Age},
  author={Stackowiak, Robert and Licht, Art and Mantha, Venu and Nagode, Louis},
  year={2015},
  publisher={Apress}
}

@online{FordAssemblyLine1913,
	author={Unbekannt},
	title={ Assembly line at the Ford Motor Company's Highland Park plant},
	year={1913},
	url={http://www.loc.gov/pictures/item/2011661021/},
    urldate={2017-11-13}   
}

@book{vogel2017handbuch,
  title={Handbuch Industrie 4.0 Bd. 3: Logistik},
  author={Vogel-Heuser, Birgit and Bauernhansl, Thomas and Ten Hompel, Michael},
  year={2017},
  publisher={Springer-Verlag}
}







